%% This BibTeX bibliography file was created using BibDesk.
%% http://bibdesk.sourceforge.net/


%% Created for ab55 at 2016-02-26 12:21:03 -0600 


%% Saved with string encoding Unicode (UTF-8) 



@conference{MVEwaWSN05,
	Author = {{Werner-Allen et. al}},
	Booktitle = {{In Wireless Sensor Networks, Proceeedings of the Second European Workshop on,IEEE}},
	Month = {{January}},
	Pages = {{108-120}},
	Title = {{Monitoring volcanic eruptions with a wireless sensor network}},
	Year = {{2005}}}

@article{CtMiSD08,
	Author = {A.J. GUUS BERKHOUT},
	Journal = {The Leading Edge, Society of Exploration Geophysists},
	Month = {July},
	Number = {11},
	Pages = {924-938},
	Title = {Changing the mindset in seismic data acquisition},
	Volume = {27},
	Year = {2008}}

@misc{DSSMaA14,
	Author = {{Jean-Jacques Postel, Thomas Bianchi, Jonathan Grimsdale}},
	Date-Modified = {2016-02-26 18:19:32 +0000},
	Title = {Patent US20140307525: Drone seismic sensing method and apparatus},
	Url = {https://www.google.com/patents/US20140307525},
	Year = {October 2014},
	Bdsk-Url-1 = {https://www.google.com/patents/US20140307525}}

@misc{IEA16,
	Author = {{International Energy Agency}},
	Title = {IEA Energy Atlas},
	Url = {http://energyatlas.iea.org},
	Bdsk-Url-1 = {http://energyatlas.iea.org}}
