@Article{XA13,
 author =  {X. Li and A. Scaglione},
 title =   {Convergence and {A}pplications of {G}ossip-{B}ased {G}auss-{N}ewton {A}lgorithm},
 journal = {IEEE Transactions on Signal Processing},
 year =    {2013},
 month =   {Nov.},
 volume =  {61},
 number =  {21},
 pages =   {5231-5246}
}


@Article{KS11,
  author = 	 {K. Zhou and S. Roumeliotis},
  title =    {Multirobot {A}ctive {T}arget {T}racking with {C}ombinations of {R}elative {O}bservations},
  journal =  {IEEE Transaction on Robotics},
  year = 	 {2011},
  month =    {Aug.},
  volume = 	 {27},
  number =   {4},
  pages = 	 {678-695}
}

@Article{PRBT89,
  author = 	 {P. Stoica and R. Mose and B. Friedlander and T. Soderstrom},
  title =    {Maximum {L}ikelihood {E}stimation of the {P}arameters of {M}ultiple {S}inusoids from {N}osiy {M}easurements},
  journal =  {IEEE Transaction on Acoustics, Speech and Signal Processing},
  year = 	 {1989},
  month =    {Mar.},
  volume = 	 {37},
  number =   {3},
  pages = 	 {378-392}
}


@book{D99,
 author =    {D. P. Bertsekas},
 title =     {Nonlinear Programming},
 year =      {1999},
 publisher = {Athena Scientific},
 address =   {Nashua, USA},
}

@book{DJ89,
 author =    {D. P. Bertsekas and J. N. Tsitsiklis},
 title =     {Parallel and Distributed Computing: Numerical Methods},
 year =      {1989},
 publisher = {Prentice-Hall},
 address =   {NJ, USA},
}

@Article{AA09,
  author = 	 {A. Nedic and A. Ozdaglar},
  title =    {Distributed {S}ubgradient {M}ethods for {M}ulti-agent {O}ptimization},
  journal =  {IEEE Transaction on Automatic Control},
  year = 	 {2009},
  month =    {Jan.},
  volume = 	 {54},
  number =   {1},
  pages = 	 {48-61}
}

@Article{SAV10,
  author = 	 {S. Ram and A. Nedic and V. Veeravalli},
  title =    {Distributed {S}tochastic {S}ubgradient {P}rojection {A}lgortims for {C}onvex {O}ptimization},
  journal =  {Journal of Optimization Theory and Applications},
  year = 	 {2010},
  month =    {Dec.},
  volume = 	 {147},
  number =   {3},
  pages = 	 {516-545}
}

@Article{KA11,
  author = 	 {K. Srivastava and A. Nedic},
  title =    {Distributed {A}synchronous {C}onstrained {S}tochastic {O}ptimization},
  journal =  {IEEE Journal of Selected Topics in Signal Processing},
  year = 	 {2011},
  month =    {Aug.},
  volume = 	 {5},
  number =   {4},
  pages = 	 {772-790}
}

@BOOK{HHP12,
  author =       {E. Hossain and Z. Han and H. V. Poor},
  title =        {Smart Grid Communications and Networking},
  publisher =    {Cambridge University Press},
  address =      {Cambridge, UK},
  year =         {2012}
}


@TECHREPORT{NIST14,
  author =       {C. Greer and D. A. Wollman and D. E. Prochaska and P. A. Boynton and J. A. Mazer and C. T. Nguyen and
                  G. J. FitzPatrick and T. L. Nelson and G. H. Koepke and A. R. Hefner Jr and V. Y. Pillitteri and T. L. Brewer and
                  N. T. Golmie and D. H. Su and A. C. Eustis and D. G. Holmberg and S. T. Bushby},
  title =        {{NIST} {F}ramework and {R}oadmap for {S}mart {G}rid {I}nteroperability {S}tandards, {R}elease 3.0},
  institution =  {The {N}ational {I}nstitute of {S}tandards and {T}echnology},
  number =       {NIST SP - 1108r3},
  month=         {Oct.},
  year=          {2014}
}

@incollection{LZSV14,
  author      = {L. Liu and Z. Han and S. Cui and V. H. Poor},
  title       = {Big Data Processing for Smart Grid Security},
  editor      = {A. Hero and J. Moura and T. Luo and S. Cui},
  pages       = {122-156},
  booktitle   = {Big Data over Networks},
  publisher   = {Cambridge University Press},
  address     = {Cambridge, U.K.},
  year        = {2014}
}

@MISC{MLNRZ14,
  author =       {M. Esmalifalak and L. Liu and N. Nguyen and R. Zheng and Z. Han},
  title =        {Detecting {S}tealthy {F}alse {D}ata {I}njection {U}sing {M}achine {L}earning in {S}mart {G}rid},
  howpublished = {IEEE Systems Journal, to appear},
  year=          {2014}
}


@ARTICLE{G09,
  author =       {S. Gorman},
  title =        {Effect of {S}tealthy {B}ad {D}ata {I}njection on {N}etwork {C}ongestion in {M}arket {B}ased {P}ower {S}ystem},
  journal =      {The Wall Street Journal},
  month =        {Apr},
  year =         {2009}
}

@BOOK{AE04,
  author =       {A. Abur and A. G. Exposito},
  title =        {Power System State Estimation: Theory and Implementation},
  publisher =    {Marcel Dekker, Inc.},
  address =      {New York},
  year =         {2004}
}

@InProceedings{LRN09,
  author =       {Y. Liu and M. K. Reiter and P. Ning},
  title =        {False {D}ata {I}njection {A}ttacks {A}gainst {S}tate {E}stimation in {E}lectric {P}ower {G}rids},
  booktitle =    {Proc. 16th ACM Conference on Computer and Communications Security},
  month =        {Nov.},
  address =      {Chicago, IL},
  year =         {2009}
}

@InProceedings{EHS12,
  author =       {M. Esmalifalak and Z. Han and L. Song},
  title =        {Effect of {S}tealthy {B}ad {D}ata {I}njection on {N}etwork {C}ongestion in {M}arket {B}ased {P}ower {S}ystem},
  booktitle =    {Proc. IEEE Wireless Communications and Networking Conference},
  month =        {Apr.},
  address =      {Paris, France},
  year =         {2012}
}

@InProceedings{XMS10,
  author =       {L. Xie and Y. Mo and B. Sinopoli},
  title =        {False {D}ata {I}njection {A}ttacks in {E}lectricity {M}arkets},
  booktitle =    {Proc. IEEE International Conference on Smart Grid Communications},
  month =        {Oct.},
  address =      {Gaithersburg, MD},
  year =         {2010}
}

@ARTICLE{ZGDL13,
  author =       {Z. Zhang and S. Gong and A. Dimitrovski and H. Li},
  title =        {Time {S}ynchronization {A}ttack in {S}mart {G}rid: {I}mpact and {A}nalysis},
  journal =      {IEEE Transactions on Smart Grid},
  volume=        {4},
  number=        {1},
  pages=         {87--98},
  month =        {Mar.},
  year=          {2013}
}

@ARTICLE{YLR11,
  author =       {Y. Yuan and Z. Li and K. Ren},
  title =        {Modeling {L}oad {R}edistribution {A}ttacks in {P}ower {S}ystem},
  journal =      {IEEE Transactions on Smart Grid},
  volume=        {2},
  number=        {2},
  pages=         {382--390},
  month =        {Jun.},
  year=          {2011}
}

@InProceedings{ZTDL13,
  author =       {Z. Zhang and M. Trinkle and A. Dimitrovski and H. Li},
  title =        {Combating {T}ime {S}ynchronization {A}ttack in {S}mart {G}rids: {A} {C}ross {L}ayer {D}efense {M}echanism},
  booktitle =    {IEEE/ACM International Conference on Cyber Physical Systems},
  month =        {Apr.},
  address =      {Philadelphia, PA},
  year =         {2013}
}

@InProceedings{DS10,
  author =       {G. D\'an and H. Sandberg},
  title =        {Stealth {A}ttacks and {P}rotection {S}chemes for {S}tate {E}stimators in {P}ower {S}ystems},
  booktitle =    {Proc. IEEE International Conference on Smart Grid Communications},
  month =        {Oct.},
  address =      {Gaithersburg, MD},
  year =         {2010}
}

@ARTICLE{ESHS13,
  author =       {M. Esmalifalak and G. Shi and Z. Han and L. Song},
  title =        {Bad {D}ata {I}njection {A}ttack and {D}efense in {E}lectricity {M}arket using {G}ame {T}heory {S}tudy},
  journal =      {IEEE Transactions on Smart Grid},
  volume=        {4},
  number=        {1},
  pages=         {160--169},
  month =        {Mar.},
  year=          {2013}
}

@ARTICLE{KJTT11,
  author =       {O. Kousut and L. Jia and R. J. Thomas and L. Tong},
  title =        {Malicious {D}ata {A}ttacks on the {S}mart {G}rid},
  journal =      {IEEE Transactions on Smart Grid},
  volume=        {2},
  number=        {4},
  pages=         {645--658},
  month =        {Dec.},
  year=          {2011}
}

@InProceedings{LEH13,
  author =       {L. Liu and M. Esmalifalak and Z. Han},
  title =        {Detection of {F}alse {D}ata {I}njection in {P}ower {G}rid {E}xploiting {L}ow {R}ank and {S}parsity},
  booktitle =    {IEEE International Conference on Smart Grid Communications},
  month =        {Jun.},
  address =      {Budapest, Hungary},
  year =         {2013}
}

@ARTICLE{KP11,
  author =       {T. T. Kim and H. V. Poor},
  title =        {Strategic {P}rotection {A}gainst {D}ata {I}njection {A}ttacks on {P}ower {G}rids},
  journal =      {IEEE Transactions on Smart Grid},
  volume=        {2},
  number=        {2},
  pages=         {326--333},
  month =        {Jun.},
  year=          {2011}
}

@ARTICLE{CHKKPT12,
  author =       {S. Cui and Z. Han and S. Kar and T. T. Kim and H. V. Poor and A. Tajer},
  title =        {Coordinated {D}ata-injection {A}ttack and {D}etection in the {S}mart {G}rid: {A} {D}etailed {L}ook at {E}nriching {D}etection {S}olutions},
  journal =      {IEEE Signal Processing Magazine},
  volume=        {29},
  number=        {5},
  pages=         {106--115},
  month =        {Sep.},
  year=          {2012}
}

@InProceedings{ZGP13,
  author =       {Y. Zhao and A. Goldsmith and H. V. Poor},
  title =        {Fundamental {L}imits of {C}yber-physical {S}ecurity in {S}mart {P}ower {G}rids},
  booktitle =    {Proc. IEEE 52nd Annual Conference on Decision and Control},
  month =        {Dec.},
  address =      {Florence, Italy},
  year =         {2013}
}

@ARTICLE{STF05,
  author =       {M. Shahidehpour and W. F. Tinney and Y. Fu},
  title =        {Impact of {S}ecurity on {P}ower {S}ystem {O}peration},
  journal =      {Proceedings of the IEEE},
  volume=        {93},
  number=        {11},
  pages=         {2013--2025},
  month =        {Nov.},
  year=          {2001}
}

@ARTICLE{AS74,
  author =       {O. Alsac and B. Scott},
  title =        {Optimal {L}oad {F}low with {S}teady-state {S}ecurity},
  journal =      {IEEE Transaction on Power Apparatus and System},
  volume=        {93},
  number=        {3},
  pages=         {745--751},
  month =        {May.},
  year=          {1974}
}

@InProceedings{PMP85,
  author =       {M. V. F. Pereira and A. Monticelli and L. M. V. G. Pinto},
  title =        {Security-constrained {D}ispatch with {C}orrective {R}escheduling},
  booktitle =    {Proc. IFAC Symposium on Planning and Operation of Electric Energy System},
  month =        {Jul.},
  address =      {Rio de Janeiro, Brazil},
  year =         {1985}
}

@BOOK{WW94,
  author =       {A. J. Wood and B. F. Wollenberg},
  title =        {Power Generation Operation and Control},
  publisher =    {Wiley},
  address =      {New York},
  year =         {1996}
}

@ARTICLE{MPG87,
  author =       {A. Monticelli and M. V. F. Pereira and S. Granville},
  title =        {Security-constrained {O}ptimal {P}ower {F}low with {P}ost-contingency {C}orrective {R}escheduling},
  journal =      {IEEE Transactions on Power Systems},
  volume=        {2},
  number=        {1},
  pages=         {175--180},
  month =        {Feb.},
  year=          {1987}
}

@ARTICLE{CRPKMPW11,
  author =       {F. Capitanescu and J. L. M. Ramos and P. Panciatici and D. Kirschen and A. M. Marcolini and L. Platbrood and L. Wehenkel},
  title =        {State-of-the-art, {C}hallenges, and {F}uture {T}rends in {S}ecurity {C}onstrained {O}ptimal {P}ower {F}low},
  journal =      {Electric Power System Research},
  volume=        {81},
  number=        {8},
  pages=         {1731--1741},
  month =        {Aug.},
  year=          {2011}
}

@ARTICLE{CUF06,
  author =       {J. Mart\'{i}nez-Crespo and J. Usaola and J. L. Fern\'{a}ndez},
  title =        {Security-constrained {O}ptimal {G}eneration {S}cheduling in {L}arge-scale {P}ower {S}ystems},
  journal =      {IEEE Transactions on Power Systems},
  volume=        {21},
  number=        {1},
  pages=         {321--332},
  month =        {Feb.},
  year=          {2006}
}

@ARTICLE{FSL06,
  author =       {Y. Fu and M. Shahidehpour and Z. Li},
  title =        {A{C} {C}ontingency {D}ispatch {B}ased on {S}ecurity-constrained {U}nit {C}ommitment},
  journal =      {IEEE Transactions on Power Systems},
  volume=        {21},
  number=        {2},
  pages=         {897--908},
  month =        {May.},
  year=          {2006}
}


@ARTICLE{CW08,
  author =       {F. Capitanescu and L. Wehenkel},
  title =        {A {N}ew {I}terative {A}pproach to the {C}orrective {S}ecurity-constrained {O}ptimal {P}ower {F}low {P}roblem},
  journal =      {IEEE Transactions on Power Systems},
  volume=        {23},
  number=        {4},
  pages=         {1533--1541},
  month =        {Nov.},
  year=          {2008}
}

@ARTICLE{LM09,
  author =       {Y. Li and J. D. McCalley},
  title =        {Decomposed {SCOPF} for {I}mproving {E}fficiency},
  journal =      {IEEE Transactions on Power Systems},
  volume=        {24},
  number=        {1},
  pages=         {494--495},
  month =        {Feb.},
  year=          {2009}
}

@InProceedings{KCSS08,
  author =       {K. Karoui and H. Crisciu and A. Szekut and M. Stubbe},
  title =        {Large {S}cale {S}ecurity {C}onstrained {O}ptimal {P}ower {F}low},
  booktitle =    {Proc. Power System Computation Conference (PSCC)},
  month =        {May.},
  address =      {Glasgow, Scotland},
  year =         {2008}
}


@ARTICLE{ZMT11,
  author =       {R. D. Zimmerman and C. E. Murillo-S\'{a}nchez and R. J. Thomas},
  title =        {{MAT-POWER} {S}teady-state {O}perations, {P}lanning and {A}nalysis {T}ools for {P}ower {S}ystems {R}esearch and {E}ducation},
  journal =      {IEEE Transactions on Power Systems},
  volume=        {26},
  number=        {1},
  pages=         {12--19},
  month =        {Feb.},
  year=          {2011}
}

@BOOK{GS94,
  author =       {J. J. Grainger and W. D. Stevenson Jr},
  title =        {Power System Analysis},
  publisher =    {McGraw-Hill},
  address =      {New York},
  year =         {1994}
}

@BOOK{HLY12,
  author =       {Z. Han and H. Li and W. Yin},
  title =        {Compressive Sensing for Wireless Communication},
  publisher =    {Cambridge University Press},
  address =      {Cambridge, UK},
  year =         {2012}
}

@ARTICLE{CR09,
  author =       {E. J. Candès and B. Recht},
  title =        {Exact {M}atrix {C}ompletion via {C}onvex {O}ptimization},
  journal =      {Communications of the ACM},
  volume=        {55},
  number=        {6},
  pages=         {111--119},
  month =        {Jun.},
  year=          {2009}
}


@ARTICLE{CLYW11,
  author =       {E. J. Cand\`es and X. Li and Y. Ma and J. Wright},
  title =        {Robust {P}rincipal {C}omponent {A}nalysis?},
  journal =      {Journal of the ACM},
  volume=        {58},
  number=        {3},
  pages=         {1--37},
  month =        {May.},
  year=          {2011}
}

@TECHREPORT{LCWM09,
  author =       {Z. Lin and M. Chen and L. Wu and Y. Ma},
  title =        {The {A}ugmented {L}agrange {M}ultiplier {M}ethod for {E}xact {R}ecovery of {C}orrupted {L}ow-rank {M}atrices},
  number =       {UILU-ENG-09-2215},
  institution =  {UIUC},
  year=          {Urbana, FL, 2009}
}

@BOOK{B99,
  author =       {D. P. Bertsekas},
  title =        {Nonlinear Programming},
  publisher =    {Athena Scientific},
  address =      {Belmont, MA},
  year =         {1999}
}

@ARTICLE{CCS10,
  author =       {J. Cai and E. J. Cand\`es and Z. Shen},
  title =        {A {S}ingular {V}alue {T}hresholding {A}lgorithm for {M}atrix {C}ompletion},
  journal =      {SIAM Journal on Optimization},
  volume=        {20},
  number=        {4},
  pages=         {1956--1982},
  month =        {Jan.},
  year=          {2010}
}

@BOOK{B82,
  author =       {D. P. Bertsekas},
  title =        {Constrained Optimization and Lagrange Multiplier Method},
  publisher =    {Academic Press},
  address =      {New York},
  year =         {1982}
}


@TECHREPORT{SWZ11,
  author =       {Y. Shen and Z. Wen and Y. Zhang},
  title =        {Augmented {L}agrangian {A}lternating {D}irection {M}ethod for {M}atrix {S}eparation {B}ased on {L}ow-rank {F}actorization},
  number =       {TR11-02},
  institution =  {Rice CAAM},
  year=          {Houston, TX, 2011}
}


@TECHREPORT{WYZ10,
  author =       {Z. Wen and W Yin and Y. Zhang},
  title =        {Solving a {L}ow-rank {F}actorization {M}odel for {M}atrix {C}ompletion by {A} {N}onlinear {S}uccessive {O}ver-relaxation {A}lgorithm},
  number =       {TR10-07},
  institution =  {Rice CAAM},
  year=          {Houston, TX, 2010}
}

@ARTICLE{BPCPE10,
  author =       {S. Boyd and N. Parikh and E. Chu and B. Peleato and J. Eckstein},
  title =        {Distributed {O}ptimization and {S}tatistical {L}earning via the {A}lternating {D}irection {M}ethod of {M}ultipliers},
  journal =      {Foundation and Trends in Machine Learning},
  volume=        {3},
  number=        {1},
  pages=         {1--122},
  month =        {Nov.},
  year=          {2010}
}

@BOOK{BT97,
  author =       {D. Bertsekas and J. Tsitsiklis},
  title =        {Parallel and Distributed Computation: Numerical Methods (2nd ed.)},
  publisher =    {Athena Scientific},
  address =      {Belmont, MA},
  year =         {1997}
}

@ARTICLE{BKCL99,
  author =       {R. Baldick and B. H. Kim and C. Chase and Y. Luo},
  title =        {A {F}ast {D}istributed {I}mplementation of {O}ptimal {P}ower {F}low},
  journal =      {IEEE Transactions on Power Systems},
  volume=        {14},
  number=        {3},
  pages=         {858--864},
  month =        {Aug.},
  year=          {1989}
}


@TECHREPORT{WY12,
  author =       {W. Deng and W. Yin},
  title =        {On the {G}lobal and {L}inear {C}onvergence of the {G}eneralized {A}lternating {D}irection {M}ethod of {M}ultipliers},
  number =       {TR12-14},
  institution =  {Rice CAAM},
  year=          {Houston, TX, 2012}
}

@BOOK{NW06,
  author =       {J. Nocedal and S. J. Wright},
  title =        {Numerical Optimization (2nd ed.)},
  publisher =    {Springer},
  address =      {New York},
  year =         {2006}
}

@ARTICLE{PS09,
  author =       {P. Tseng and S. Yun},
  title =        {A {C}oordinate {G}radient {D}escent {M}ethod for {N}on-smooth {S}eparable {M}inimization},
  journal =      {Mathematical Programming},
  pages=         {387--423},
  volume=        {117},
  number=        {1},
  year=          {2009}
}

@TECHREPORT{YS09,
  author =       {Y. Li and S. Osher},
  title =        {Coordinate {D}escent {O}ptimization for {L1} {M}inimization with {A}pplications to {C}ompressed {S}ensing: {A} {G}reedy {A}lgorithm},
  number =       {Report 09-17},
  institution =  {UCLA CAM},
  year=          {2009}
}

@ARTICLE{Y12,
  author =       {Y. Nesterov},
  title =        {Efficiency of {C}oordiate {D}escent {M}ethods on {H}uge-scale {O}ptimization {P}roblems},
  journal =      {SIAM Journal on Optimization},
  pages=         {341--362},
  volume=        {22},
  number=        {2},
  year=          {2012}
}

@InProceedings{LO08,
  author =       {L. Bottou and O. Bousquet},
  title =        {The {T}radeoffs of {L}arge {S}cale {L}earning},
  booktitle =    {Advances in Neural Information Processing Systems},
  month =        {Dec.},
  address =      {Vancouver, Canada},
  year =         {2008}
}

@InProceedings{FBCS11,
  author =       {F. Niu and B. Recht and C. Re and S. J. Wright},
  title =        {Hogwild: {A} {L}ock-free {A}pproach to {P}arallelizing {S}tochastic {G}radient {D}scent},
  booktitle =    {Advances in Neural Information Processing Systems},
  month =        {Dec.},
  address =      {Granada, Spain},
  year =         {2011}
}

@InProceedings{MMAL10,
  author =       {M. Zinkevich and M. Weimer and A. Smola and L. Li},
  title =        {Parallelized {S}tochastic {G}radient {D}escent},
  booktitle =    {Advances in Neural Information Processing Systems},
  month =        {Dec.},
  address =      {Vancouver, Canada},
  year =         {2010}
}

@InProceedings{CKCSS08,
  author =       {C. J. Hsieh and K. W. Chang and C. J. Lin and S. S. Keerthi and S. Sundararajan},
  title =        {A {D}ual {C}oordinate {D}escent {M}ethod for {L}arge-scale {L}inear {SVM}},
  booktitle =    {International Conference on Machine Learning},
  month =        {Jul.},
  address =      {Helsinki, Finland},
  year =         {2008}
}

@ARTICLE{ST13,
  author =       {S. Shalev-Shwartz and T. Zhang},
  title =        {Stochastic {D}ual {C}oordinate {A}scent {M}ethods for {R}egularized {L}oss {M}inimization},
  journal =      {Journal of Machine Learning Research},
  pages=         {567-599},
  volume=        {14},
  year=          {2013}
}

@InProceedings{SMMP13,
  author =       {S. Lacoste-Julien and M. Jaggi and M. Schmidt and P. Pletscher},
  title =        {Block-Coordinate {F}rank-Wolfe {O}ptimization for {S}tructural {SVM}s},
  booktitle =    {International Conference on Machine Learning},
  month =        {Jun.},
  address =      {Atlanta, U.S.A},
  year =         {2013}
}

@MISC{XMSZ13,
  author =       {X. Wang and M. Hong and S. Ma and Z. Luo},
  title =        {Solving {M}ultiple-Block {S}eparable {C}onvex {M}inimization {P}roblems
                  Using {T}wo-Block {A}lternating {D}irection {M}ethod of {M}ultipliers},
  howpublished = {online at http://arxiv.org/abs/1308.5294},
  year=          {2013}
}


@MISC{RP14,
  author =       {R. M. Freund and P. Grigas},
  title =        {New {A}nalysis and {R}esults for the {F}rank-Wolfe {M}ethod},
  howpublished = {online at http://arxiv.org/abs/1307.0873},
  year=          {2014}
}


@ARTICLE{RA75,
  author =       {R. Glowinski and A. Marrocco},
  title =        {Sur {L}'approximation par \'{E}l\'ements {F}inis et la {R}\'esolution par {P}\'enalisation-dualit\'e {D}'une {C}lasse de {P}robl\`emes de {D}irichlet {N}on {L}in\'eaires},
  journal =      {Revue Fran\c{c}aise d'Automatique, Informatique, Recherche Operationnelle, S\'erie Rouge},
  pages=         {41--76},
  volume=        {R-2},
  year=          {1975}
}

@ARTICLE{DB76,
  author =       {D. Gabay and B. Mercier},
  title =        {A {D}ual {A}lgorithm for the {S}olution of {N}onlinear {V}ariational {P}roblems via {F}inite {E}lement {A}pproximation},
  journal =      {Computers \& Mathematics with Applicaions},
  volume=        {2},
  number=        {1},
  pages=         {17--40},
  year=          {1976}
}

@ARTICLE{MJM10,
  author =       {M. V. Afonso and J. M. Bioucas-Dias and M. A. T. Figueiredo},
  title =        {Fast {I}mage {R}ecovery using {V}ariable {S}plitting and {C}onstrained {O}ptimization},
  journal =      {IEEE Transactions on Image Processing},
  volume=        {19},
  number=        {9},
  pages=         {2345--2356},
  month =        {Sep.},
  year=          {2010}
}

@ARTICLE{MX11,
  author =       {M. Tao and X. Yuan},
  title =        {Recovering {L}ow-rank and {S}parse {C}omponents of {M}atrices from {I}ncomplete and {N}oisy {O}bservations},
  journal =      {SIAM Journal on Optimization},
  volume=        {21},
  number=        {1},
  pages=         {51--87},
  year=          {2011}
}

@ARTICLE{YAJWY12,
  author =       {Y. Peng and A. Ganesh and J. Wright and W. Xu and Y. Ma},
  title =        {{RASL}: {R}obust {A}lignment by {S}parse and {L}ow {R}ank {D}ecomposition for {L}inearly {C}orrelated {I}mages},
  journal =      {IEEE Transactions on Pattern Analysis and Machine Intelligence},
  volume=        {34},
  number=        {11},
  pages=         {2233--2246},
  month =        {Nov.},
  year=          {2012}
}

@MISC{CBYX13,
  author =       {C. Chen and B. He and Y. Ye and X. Yuan},
  title =        {The {D}irect {E}xtension of {ADMM} for {M}ulti-block {C}onvex {M}inimization {P}roblems is not {N}ecessarily {C}onvergent},
  howpublished = {preprint},
  year=          {2013}
}

@MISC{CBYX14,
  author =       {C. Chen and B. He and Y. Ye and X. Yuan},
  title =        {The {D}irect {E}xtension of {ADMM} for {M}ulti-block {C}onvex {M}inimization {P}roblems is not {N}ecessarily {C}onvergent},
  howpublished = {Online at http://web.stanford.edu/$\sim$yyye/{ADMM}\_5},
  year=          {2014}
}

@MISC{MZ12,
  author =       {M. Hong and Z. Luo},
  title =        {On the {L}inear {C}onvergence of the {A}lternating {D}irection {M}ethod of {M}ultipliers},
  howpublished = {online at http://arxiv.org/abs/1208.3922},
  year=          {2012}
}

@ARTICLE{BXM12,
  author =       {B. He and M. Tao and X. Yuan},
  title =        {Alternating {D}irection {M}ethod with {G}aussian {B}ack {S}ubstitution for {S}eparable {C}onvex {P}rogramming},
  journal =      {SIAM Journal of Optimization},
  volume=        {22},
  number=        {2},
  pages=         {313--340},
  year=          {2012}
}


@MISC{BMX13,
  author =       {B. He and M. Tao and X. Yuan},
  title =        {On the {P}roximal {J}acobian {D}ecomposition of {ALM} for {M}ultiple-block {S}eparable {C}onvex {M}inimization {P}roblems and its {R}elationship to {ADMM}},
  howpublished = {http://www.optimization-online.org/DB\_FILE/2013/11/4142.pdf},
  year=          {2013}
}


@MISC{MTXMSZ14,
  author =       {M. Hong and T. Chang and X. Wang and M. Razaviyayn and S. Ma and Z. Luo},
  title =        {A {B}lock {S}uccessive {U}pper {B}ound {M}inimization {M}ethod of {M}ultipliers for {L}inearly {C}onstrained {C}onvex {O}ptimization},
  howpublished = {online at http://arxiv.org/abs/1401.7079},
  year=          {2014}
}

@MISC{BLX13,
  author =       {B. He and L. Hou and X. Yuan},
  title =        {On {F}ull {J}acobian {D}ecomposition of the {A}ugmented {L}agrangian {M}ethod for {S}eparable {C}onvex {P}rogramming},
  howpublished = {online at http://www.optimization-online.org/DB\_HTML/2013/05/3894.html},
  year=          {2013}
}

@MISC{WMZW14,
  author =       {W. Deng and M. Lai and Z. Peng and W. Yin},
  title =        {Parallel {M}ulti-block {ADMM} with o(1/k) {C}onvergence},
  howpublished = {online at http://arxiv.org/abs/1312.3040},
  year=          {2014}
}

@MISC{HAZ14,
  author =       {H. Wang and A. Banerjee and Z. Luo},
  title =        {Parallel {D}irection {M}ethod of {M}ultipliers},
  howpublished = {online at http://arxiv.org/abs/1406.4064},
  year=          {2014}
}

@ARTICLE{NS13,
  author =       {N. Parikh and S. Boyd},
  title =        {Proximal {A}lgorithms},
  journal =      {Foundation and Trends in Optimization},
  volume=        {1},
  number=        {3},
  pages=         {123--231},
  year=          {2013}
}

@InProceedings{ZMW13,
  author =       {Z. Peng and M. Yan and W. Yin},
  title =        {Parallel and {D}istributed {S}parse {O}ptimization},
  booktitle =    {IEEE Asilomar Conference on Signals, Systems, and Computers},
  month =        {Nov.},
  address =      {Pacific Grove, U.S.A},
  year =         {2013}
}

@InProceedings{MMMSI10,
  author =       {M. Zaharia and M. Chowdhury and M. J. Franklin and S. Shenker and I. Stoica},
  title =        {Spark: {C}luster {C}omputing with {W}orking {S}ets},
  booktitle =    {2nd USENIX Conference on Hot Topics in Cloud Computing},
  month =        {Jun.},
  address =      {Boston, U.S.A},
  year =         {2010}
}

@ARTICLE{LMQVZ14,
  author =       {L. Liu and M. Esmalifalak and Q. Ding and V. A. Emesih and Z. Han},
  title =        {Detecting {F}alse {D}ata {I}njection {A}ttacks on {P}ower {G}rid by {S}parse {O}ptimization},
  journal =      {IEEE Transactions on Smart Grid},
  volume=        {5},
  number=        {2},
  pages=         {612--621},
  month =        {Mar.},
  year=          {2014}
}

@ARTICLE{LZZL14,
  author =       {L. Liu and Z. Han and Z. Wu and L. Qian},
  title =        {Spectrum {S}ensing and {P}rimary {U}ser {L}ocalization in {C}ognitive {R}adio {N}etworks via {S}parsity},
  journal =      {EAI Transactions on Wireless Spectrum},
  volume=        {4},
  number=        {1},
  pages=         {1-14},
  month =        {Jan.},
  year=          {2014}
}


@ARTICLE{VG13,
  author =       {V. Kekatos and G. B. Giannakis},
  title =        {Distributed {R}obust {P}ower {S}ystem {S}tate {E}stimation},
  journal =      {IEEE Transactions on Smart Grid},
  volume=        {28},
  number=        {2},
  pages=         {1617--1626},
  month =        {May},
  year=          {2013}
}

@ARTICLE{MEJS13,
  author =       {M. Kraning and E. Chu and J. Lavaei and S. Boyd},
  title =        {Dynamic {N}etwork {E}nergy {M}anagement via {P}roximal {M}essage {P}assing},
  journal =      {Foundation and Trends in Optimization},
  volume=        {1},
  number=        {2},
  pages=         {70--122},
  year=          {2013}
}

@InProceedings{SMERS14,
  author =       {S. Chakrabarti and M. Kraning and E. Chu and R. Baldick and S. Boyd},
  title =        {Security {C}onstrained {O}ptimal {P}ower {F}low via {P}roximal {M}essage {P}assing},
  booktitle =    {IEEE Power Systems Conference},
  month =        {Mar.},
  address =      {Clemson, SC},
  year =         {2014}
}

@InProceedings{LAWZ13,
  author =       {L. Liu and A. Khodaei and W. Yin and Z. Han},
  title =        {A {D}istribute {P}arallel {A}pproach for {B}ig {D}ata {S}cale {O}ptimal {P}ower {F}low with {S}ecurity {C}onstraints},
  booktitle =    {IEEE International Conference on Smart Grid Communications},
  month =        {Oct.},
  address =      {Vancouver, Canada},
  year =         {2013}
}

@BOOK{S12,
  author =       {S. Borlase},
  title =        {Smart Grids: Infrasture, Technology and Solutions},
  publisher =    {CRC Press},
  address =      {Boca Raton, FL},
  year =         {2012}
}


@MISC{HCB14,
  author =       {H. Xu and C. Feng and B. Li},
  title =        {Temperature {A}ware {W}orkload {M}anagement in {G}eo-distributed {D}atacenters },
  howpublished = {IEEE Transactions on Parallel and Distributed Systems, to appear},
  year=          {2014}
}

@MISC{A12,
  author =       {AT\&T},
  title =        {{AT\&T} 2012 {S}ustainability {R}eport: {W}ater},
  howpublished = {http://www.att.com/gen/landing-pages?pid=24188},
  year=          {2012}
}

@MISC{N13,
  author =       {N. Carlisle},
  title =        {Water {U}se {H}ints at {P}roblems at {U}tah {D}ata {C}enter},
  howpublished = {http://www.sltrib.com/},
  year=          {2013}
}

@MISC{O14,
  author =       {Office of governor in California},
  title =        {Governor {B}rown {D}eclares {D}rought {S}tate of {E}mergencey},
  howpublished = {http://gov.ca.gov/news.php?id=18368},
  year=          {2014}
}

@ARTICLE{MSAJ07,
  author =       {M. Chiang and S. H. Low and A. R. Calderbank and J. C. Doyle},
  title =        {Layering as {O}ptimization {D}ecomposition: {A} {M}athematical {T}heory of {N}etwork {A}rchitectures},
  journal =      {Proceedings of the IEEE},
  volume=        {95},
  number=        {1},
  pages=         {255--312},
  month =        {Jan.},
  year=          {2007}
}

@InProceedings{ZYCADZMC12,
  author =       {Z. Liu and Y. Chen and C. Bash and A. Wierman and D. Gmach and Z. Wang and M. Marwab and C. Hyser},
  title =        {Renewable and {C}ooling {A}ware {W}orkload {M}anagement for {S}ustrainable {D}ata {C}enters},
  booktitle =    {SIGMETRICS},
  month =        {Jun.},
  address =      {London, UK},
  year =         {2012}
}

@InProceedings{HCB13,
  author =       {H. Xu and C. Feng and B. Li},
  title =        {Temperature {A}ware {W}orkload {M}anagement in {G}eo-distributed {D}ata {C}enters},
  booktitle =    {USENIX ICAC},
  month =        {Jun.},
  address =      {San Jose, CA},
  year =         {2013}
}

@InProceedings{HB13,
  author =       {H. Xu and B. Li},
  title =        {Joint {R}equest {M}apping and {R}esponse {R}outing for {G}eo-distributed {C}loud {S}ervices},
  booktitle =    {IEEE INFOCOM},
  month =        {Apr.},
  address =      {Turin, Italy},
  year =         {2013}
}

@ARTICLE{E12,
  author =       {E. Frachtenberg},
  title =        {Holistic {D}atacenter {D}esign in the {O}pen {C}ompute {P}roject},
  journal =      {Computer},
  volume=        {45},
  number=        {7},
  pages=         {83--85},
  month =        {Jul.},
  year=          {2012}
}

@BOOK{D09,
  author =       {D. Alger},
  title =        {Grow a {G}reener {D}ata {C}enter},
  publisher =    {Pearson},
  address =      {New Jersey},
  year =         {2009}
}

@InProceedings{S13,
  author =       {S. Ren},
  title =        {Optimizing {W}ater {E}fficiency in {D}istributed {D}ata {C}enters},
  booktitle =    {International Conference on Cloud and Green Computing},
  month =        {Sep.},
  address =      {Karlsruhe, Germany},
  year =         {2013}
}

@MISC{G14,
  author =       {Google},
  title =        {Google {D}ata {C}enters},
  howpublished = {http://www.google.com/about/datacenters/},
  year=          {2014}
}

@MISC{U13,
  author =       {Uptime Institute},
  title =        {Data {C}enter {I}ndustry {S}urvey},
  howpublished = {http://uptimeinstitute.com/2013-survey-results},
  year=          {2013}
}

@MISC{F14,
  author =       {Facebook},
  title =        {Prineville {D}ata {C}enter},
  howpublished = {http://www.facebook.com/PrinevilleDataCenter/},
  year=          {2014}
}

@MISC{E14,
  author =       {eBay},
  title =        {eBay {D}ata {C}enters},
  howpublished = {http://tech.ebay.com/dashboard},
  year=          {2014}
}

@InProceedings{KNZC03,
  author =       {K. Papagiannaki and N. Taft and Z. Zhang and C. Diot},
  title =        {Long-term {F}orecasting of {I}nternet {B}ackbone {T}raffic: {O}bservations and {I}nitial {M}ethods},
  booktitle =    {IEEE INFOCOM},
  month =        {Mar.},
  address =      {San Francisco, CA},
  year =         {2003}
}

@InProceedings{PJMJ10,
  author =       {P. Wendell and J. W. Jiang and M. J. Freedman and J. Rexford},
  title =        {{DONAR}: {D}ecentralized {S}ever {S}election for {C}loud {S}ervices},
  booktitle =    {ACM SIGCOMM},
  month =        {Aug.},
  address =      {New Delhi, India},
  year =         {2010}
}

@ARTICLE{GJGG13,
  author =       {G. Wang and J. Wu and G. Zhou and G. Li},
  title =        {Collision-tolerant {M}edia {A}ccess {C}ontrol for {A}synchronous {U}sers over {F}requency-selective {C}hannels},
  journal =      {IEEE Transactions on Wireless Communications},
  volume=        {12},
  number=        {10},
  pages=         {5162--5171},
  month =        {Oct.},
  year=          {2013}
}

@InProceedings{NTHGLJSJ08,
  author =       {N. McKeown and T. Anderson and H. Balakrishnan and G. Parulkar and L. Peterson and J. Rexford and S. Shenker and J. Turner},
  title =        {Open{F}low: {E}nabling {I}nnovation in {C}ampus {N}etworks},
  booktitle =    {ACM SIGCOMM},
  month =        {Aug.},
  address =      {Seattle, WA},
  year =         {2008}
}

@ARTICLE{MJ00,
  author =       {M. Jeonghoon and J. Walrand},
  title =        {Fair {E}nd-to-end {W}indow-based {C}ongestion {C}ontrol},
  journal =      {IEEE/ACM Transactions on Networking},
  volume=        {8},
  number=        {5},
  pages=         {556--5671},
  month =        {Oct.},
  year=          {2000}
}

@InProceedings{LXLW10,
  author =       {L. Rao and X. Liu and L. Xie and W. Liu},
  title =        {Minimizing {E}lectricity {C}ost: {O}ptimization of {D}istributed {I}nternet {D}ata {C}enters in a {M}ulti-electricity-market {E}nvironment},
  booktitle =    {IEEE INFOCOM},
  month =        {Mar.},
  address =      {San Diego, CA},
  year =         {2010}
}

@InProceedings{XWL07,
  author =       {X. Fan and W. Weber and L. A. Barroso},
  title =        {Power {P}rovisioning for a {W}arehouse-size {C}omputer},
  booktitle =    {ACM International Symposium on Computer Architecture},
  month =        {Jun.},
  address =      {San Diego, CA},
  year =         {2007}
}

@MISC{C14,
  author =       {Cisco},
  title =        {Cisco {V}isual {N}etworking {I}ndex: {G}lobal {M}obile {D}ata {T}raffic {F}orecast {U}pdate, 2013$-$2018},
  year=          {Feb. 2014}
}

@ARTICLE{KJYIS13,
  author =       {K. Lee and J. Lee and Y. Yi and I. Rhee and S. Chong},
  title =        {Mobile {D}ata {O}ffloading: {H}ow {M}uch {C}an {W}i{F}i {D}eliver?},
  journal =      {IEEE/ACM Transactions on Networking},
  volume=        {21},
  number=        {2},
  pages=         {536--550},
  month =        {Apr.},
  year=          {2013}
}


@MISC{C12,
  author =       {Cisco},
  title =        {Software-Defined {N}etworking: {T}he {N}ew {N}orm for {N}etworks},
  year=          {Apr. 2012}
}

@inproceedings{ARA10,
 author =        {A. Balasubramanian and R. Mahajan and A. Venkataramani},
 title =         {Augmenting {M}obile 3{G} {U}sing {W}i{F}i},
 booktitle =     {8th International Conference on Mobile Systems, Applications, and Services},
 month =         {Jun.},
 address =       {San Francisco, CA},
 year =          {2010}
}

@InProceedings{SPBV11,
 author=         {S. Dimatteo and P. Hui and B. Han and V. O. K. Li},
 booktitle=      {IEEE 8th International Conference on Mobile Adhoc and Sensor Systems (MASS) },
 title=          {Cellular {T}raffic {O}ffloading through {W}i{F}i {N}etworks},
 month=          {Oct.},
 address =       {Valencia, Spain},
 year=           {2011},
}

@InProceedings{XWGY11,
 author=         {X. Zhuo and W. Gao and G. Cao and Y. Dai},
 booktitle=      {19th IEEE International Conference on Network Protocols (ICNP)},
 title=          {Win-Coupon: {A}n {I}ncentive {F}ramework for 3{G} {T}raffic {O}ffloading},
 month=          {Oct.},
 address =       {Vancouver, Canada},
 year=           {2011},
}

@InProceedings{SAPRX12,
 author=         {S. Kosta and A. Aucinas and P. Hui and R. Mortier and X. Zhang},
 booktitle=      {IEEE INFOCOM},
 title=          {Think{A}ir: {D}ynamic {R}esource {A}llocation and {P}arallel {E}xecution in the {C}loud for {M}obile {C}ode {O}ffloading},
 month=          {Mar.},
 address =       {Orlando, FL},
 year=           {2012},
}

@ARTICLE{BPVMJA12,
  author =       {B. Han and P. Hui and V. S. A. Kumar and M. V. Marathe and J. Shao and A. Srinivasan},
  title =        {Mobile {D}ata {O}ffloading through {O}pportunistic {C}ommunications and {S}ocial {P}articipation},
  journal =      {IEEE Transactions on Mobile Computing},
  volume=        {11},
  number=        {5},
  pages=         {821--834},
  month =        {May},
  year=          {2012}
}

@InProceedings{LGJL13,
  author =       {L. Gao and G. Iosifidis and J. Huang and L. Tassiulas},
  title =        {Economics of {M}obile {D}ata {O}ffloading},
  booktitle =    {IEEE SDP Workshop},
  month =        {Apr.},
  address =      {Turin, Italy},
  year =         {2013}
}

@InProceedings{GLJL13,
  author =       {G. Iosifidis and L. Gao and J. Huang and L. Tassiulas},
  title =        {An {I}terative {D}ouble {A}uction for {M}obile {D}ata {O}ffloading},
  booktitle =    {11th International Symposium on Modeling Optimization in Mobile, Ad Hoc Wireless Networks (WiOpt)},
  month =        {May},
  address =      {IIT Bombay, Mumbai},
  year =         {2013}
}


@InProceedings{LZ15,
  author =       {L. Liu and Z. Han},
  title =        {Multi-block {ADMM} for {B}ig {D}ata {O}ptimization in {S}mart {G}rid},
  booktitle =    {International Conference on Computing, Networking and Communications},
  month =        {Feb.},
  address =      {Anaheim, CA},
  year =         {2015}
}

@misc{MS14,
  author       = {Michael Grant and Stephen Boyd},
  title        = {{CVX}: {M}atlab {S}oftware for {D}isciplined {C}onvex {P}rogramming, {V}ersion 2.1},
  howpublished = {\url{http://cvxr.com/cvx}},
  month        = mar,
  year         = 2014
}

@InProceedings{BSPMA11,
  author =       {B. Chun and S. Ihm and P. Maniatis and M. Naik and A. Patti},
  title =        {Clone{C}loud: {E}lastic {E}xecution between {M}obile {D}evice and {C}loud},
  booktitle =    {sixth conference on computer systems},
  month =        {Apr.},
  address =      {Salzburg, Austria},
  year =         {2011}
}

@ARTICLE{MPRN09,
  author =       {M. Satyanarayanan and P. Bahl and R. Caceres and N. Davies},
  title =        {The {C}ase for {VM}-based {C}loudlets in {M}obile {C}omputing},
  journal =      {IEEE Pervasive Computing},
  volume=        {8},
  number=        {4},
  pages=         {14--23},
  month =        {Oct.},
  year=          {2009}
}

@ARTICLE{FAD98,
  author =       {F. P. Kelly and A. Maulloo and D. Tan},
  title =        {Rate {C}ontrol for {C}ommunication {N}etworks: {S}hadow {P}rice, {P}roportional {F}airness and {S}tability},
  journal =      {J. Operational Research Society},
  volume=        {49},
  pages=         {237--252},
  month =        {Mar.},
  year=          {1998}
}

@ARTICLE{AJDP09,
  author =       {A. Greenberg and J. Hamilton and D. A. Maltz and P. Patel},
  title =        {The {C}ost of a {C}loud: {R}esearch {P}roblems in {D}ata {C}enter {N}etworks},
  journal =      {ACM SIGCOMM Computer Communication Review},
  volume=        {39},
  number=        {1},
  pages=         {68--73},
  month =        {Jan.},
  year=          {2009}
}

@InProceedings{ZMAYRB10,
  author =       {Z. Zhang and M. Zhang and A. Greenberg and Y. C. Hu and R. Mahajan and B. Christian},
  title =        {Optimizing {C}ost and {P}erformance in {O}nline {S}ervice {P}rovider {N}etworks},
  booktitle =    {NSDI},
  month =        {Apr.},
  address =      {San Jose, CA},
  year =         {2010}
}

@InProceedings{HTMCTAA06,
  author =       {H. V. Madhyastha and T. Isdal and M. Piatek and C. Dixon and T. Anderson and A. Krishnamurthy and A. Venkataramani},
  title =        {iPlane: {A}n {I}nformation {P}lane for {D}istributed {S}ervices},
  booktitle =    {NSDI},
  month =        {Nov.},
  address =      {Seattle, WA},
  year =         {2006}
}


@ARTICLE{BX12,
  author =       {B. He and X. Yuan},
  title =        {On the $\mathcal{O}(\frac{1}{t})$ {C}onvergence {R}ate of the {D}ouglas-{R}achford {A}lternating {D}irection {M}ethod},
  journal =      {SIAM J. Numer. Anal},
  volume=        {50},
  number=        {2},
  pages=         {700--709},
  month =        {Apr.},
  year=          {2012}
}

@InProceedings{HA12,
  author =       {H. Wang and A. Banerjee},
  title =        {Online {A}lternating {D}irection {M}ethod},
  booktitle =    {ICML},
  month =        {Jun.},
  address =      {Edinburgh, Scotland},
  year =         {2012}
}

@ARTICLE{AAGA09,
  author =       {A. Nemirovski and A. Juditsky and G. Lan and A. Shapiro},
  title =        {Robust {S}tochastic {A}pproximation {A}pproach to {S}tochastic {P}rogramming},
  journal =      {SIAM J. on Optimization},
  volume=        {19},
  number=        {4},
  pages=         {1574--1609},
  month =        {Jan.},
  year=          {2009}
}

@InProceedings{HNLA13,
  author =       {H. Ouyang and N. He and L. Q. Tran and A. Gray},
  title =        {Stochastic {A}lternating {D}irection {M}ethod of {M}ultipliers},
  booktitle =    {ICML},
  month =        {Jun.},
  address =      {Atlanta, GA},
  year =         {2013}
}


@InProceedings{RMRRF12,
  author =       {R. Bifulco and M. Brunner and R. Canonico and R. Hasselmeyer and F. Mir},
  title =        {Scalability of a {M}obile {C}loud {M}anagement {S}ystem},
  booktitle =    {ACM SIGCOMM workshop on mobile cloud computing},
  month =        {Aug.},
  address =      {Helsinki, Finland},
  year =         {2012}
}

@InProceedings{DLHYY02,
  author =       {D. K. Goldenberg and L. Qiu and H. Xie and Y. R. Yang and Y. Zhang},
  title =        {Optimizing {C}ost and {P}erformance for {M}ultihoming},
  booktitle =    {ACM SIGCOMM},
  month =        {Aug.},
  address =      {Protland, OR},
  year =         {2002}
}

@InProceedings{JRJM09,
  author =       {J. W. Jiang and R. Zhang-Shen and J. Rexford and M. Chiang},
  title =        {Cooperative {C}ontent {D}istribution and {T}raffic {E}ngineering in an {ISP} {N}etwork},
  booktitle =    {ACM SIGMETRICS},
  month =        {Jun.},
  address =      {Seattle, WA},
  year =         {2009}
}

@InProceedings{SJJM12,
  author =       {S. Narayana and J. W. Jiang and J. Rexford and M. Chiang},
  title =        {To {C}oordinate or not to {C}oordinate? {W}ide-area {T}raffic {M}anagement for {D}ata {C}enters},
  booktitle =    {ACM CoNEXT},
  month =        {Dec.},
  address =      {Nice, France},
  year =         {2012}
}

@InProceedings{LZZL11,
  author =       {L. Liu and Z. Han and Z. Wu and L. Qian},
  title =        {Collaborative {C}ompressive {S}ensing based {D}ynamic {S}pectrum {S}ensing and {M}obile {P}rimary {U}ser {L}ocalization in {C}ognitive {R}adio {N}etworks},
  booktitle =    {IEEE Globe Communication Conference},
  month =        {Dec.},
  address =      {Houston, TX},
  year =         {2011}
}

@InProceedings{LHZ12,
  author =       {L. Liu and H. Li and Z. Han},
  title =        {Sampling {S}pectrum {O}ccupancy {D}ata over {R}andom {F}ields: {A} {M}atrix {C}ompletion {A}pproach},
  booktitle =    {IEEE International Conference on Communications},
  month =        {Jun.},
  address =      {Ottawa, Canada},
  year =         {2012}
}

@InProceedings{LQZ14,
  author =       {L. Liu and Q. Ling and Z. Han},
  title =        {Decentralized {G}auss-{N}ewton {M}ethod For {N}onlinear {L}east {S}quares On {W}ide {A}rea {N}etwork},
  booktitle =    {The 2nd Radio and Antenna Days of the Indian Ocean (RADIO)},
  month =        {Apr.},
  address =      {Mauritius},
  year =         {2014}
}

@InProceedings{LSZ14,
  author =       {L. Liu and S. Ren and Z. Han},
  title =        {Scalable {W}orkload {M}anagement for {W}ater {E}fficiency in {D}ata {C}enters},
  booktitle =    {IEEE Globe Communication Conference},
  month =        {Dec.},
  address =      {Austin, TX},
  year =         {2014}
}
