@CONFERENCE{MpHlGlobe14,
  author =       {Miao Pan and Hongyan Li and Yawei Pang and Rong Yu and Zaixin Li and Wei Wayne Li},
  title =        {Optimal Energy Replenishment and Data Collection in Wireless Rechargeable Sensor Networks},
  booktitle =    {Proc. of IEEE Global telecommunications conference, Globecom 2014},
  year =         {2014},
  address =      {Austin, TX},
  month =        {December},
}

@ARTICLE{LxWCM13,
  AUTHOR =       "Liguang Xie and Yi Shi and Y. Thomas Hou and Wenjing Lou",
  TITLE =        "Wireless power transfer and applications to sensor networks",
  JOURNAL =      "IEEE Wireless Communications Magazine",
  YEAR =         "2013",
  volume =       "20",
  number =       "4",
  pages =        "140-145",
  month =        "August"
}

@MISC{NasaMB,
  author =       "{National Aeronautics and Space Administration (NASA)}",
  title =        "Space Solar Power: Exploring New Frontiers for Tomorrow",
  howpublished = "",
  year =         "November 2010",
  url= "http://www.nss.org/settlement/ssp/NASADVD/part04.htm."
}

@ARTICLE{AkSu02,
  AUTHOR =       "I.F. Akyildiz and W. Su and Y. Sankarasubramaniam and E. Cayirci",
  TITLE =        "Wireless Sensor Networks: A Survey",
  JOURNAL =      "Computer Networks (Elsevier) Journal",
  YEAR =         "2002",
  volume =       "38",
  number =       "4",
  pages =        "169-181",
  month =        "September"
}

@CONFERENCE{RenewSN12,
  author =       {Liguang Xie, Yi Shi, Y. Thomas Hou, Wenjing Lou, Hanif D. Serali, and Scott F. Midkiff},
  title =        {On Renewable Sensor Networks with Wireless Energy Transfer: The Multi-Node Case},
  booktitle =    {Proc. of IEEE International Conference on Sensing, Communication and Networking, SECON 2012},
  year =         {2012},
  address =      {Seoul, Korea},
  month =        {June},
  }
@ARTICLE{EPRNP05,
  author =       {Y. T. Hou and Y. Shi and H. D. Sherali and S. F. Midkiff},
  title =        {On Energy Provisioning and Relay Node Placement for Wireless Sensor Networks},
  JOURNAL =      "IEEE Transactions on Wireless Communications",
  YEAR =         "2005",
  volume =       "4",
  number =       "5",
  pages =        "2579-2590",
  month =        {September},
  }
@ARTICLE{jTbHCC06,
  author =       {T. Jian and H. Bin and S. Arunabha},
  title =        {Relay node placement in large scale wireless sensor networks},
  JOURNAL =      "Computer Communications",
  YEAR =         "2006",
  volume =       "29",
  number =       "4",
  pages =        "490-501",
  month =        {February},
  }

@CONFERENCE{FbNbRbICC09,
  author =       {F. Bouabdallah and N. Bouabdallah and R. Boutaba},
  title =        {Cross-Layer Design for Energy Conservation in Wireless Sensor Networks},
  booktitle =    {Proc. of IEEE International Conference on Communications, ICC 2009)},
  year =         {2009},
  address =      {Dresden, Germany},
  month =        {June},
}
@ARTICLE{AkAkSE07,
  author =       {Andr Kurs and Aristeidis Karalis and Robert Moffatt},
  title =        {Wireless Power Transfer via Strongly Coupled Magnetic Resonances},
  JOURNAL =      "Science",
  YEAR =         "2007",
  volume =       "317",
  number =       "5843",
  pages =        "83-86",
  month =        {June},
  }
@CONFERENCE{CpSAHCN06,
  author =       {Chulsung Park and Chou, P.H.},
  title =        {AmbiMax: Autonomous Energy Harvesting Platform for Multi-Supply Wireless Sensor Nodes},
  booktitle =    {Sensor and Ad Hoc Communications and Networks, 2006. SECON '06. 2006 3rd Annual IEEE Communications Society on},
  year =         {2006},
  address =      {Reston, VA},
  month =        {September},
  }

@CONFERENCE{KwfSF08,
  author =       {Kai-Wei Fan and Zizhan Zheng and Prasun Sinha},
  title =        {Steady and fair rate allocation for rechargeable sensors in perpetual sensor networks},
  booktitle =    {Proceeding SenSys '08 Proceedings of the 6th ACM conference on Embedded network sensor systems},
  year =         {2008},
  address =      {New York, NY},
  month =        {Novomber},
  }

@CONFERENCE{YpPSN10,
  author =       {Yang Peng and Zi Li and Wensheng Zhang and Daji Qiao},
  title =        {Prolonging Sensor Network Lifetime Through Wireless Charging},
  booktitle =    {Real-Time Systems Symposium (RTSS), 2010 IEEE 31st},
  year =         {2010},
  address =      {San Diego, CA},
  month =        {December},
  }
@Book{almat13,
 author = {David F. Manlove},
 title = "Algorithmics of Matching Under Preferences",
 publisher = {World Scientific Publishing Company},
 year = {2013},
}
@Book{smal82,
 author = {D. T. Mortensen},
 title = "The Stable Marriage Problem: Structure and Algorithms",
 publisher = {John McCall},
 year = {1982},
}
@Book{smmit06,
 author = {D. Gusfield and R. W. Irving,},
 title = "The Stable Marriage Problem: Structure and Algorithms",
 publisher = {MIT Press},
 year = {2006},
}
@ARTICLE{gs62,
  author =       {D. Gale and L.S. Shapley},
  title =        {College admissions and the stability of marriage},
  JOURNAL =      "American Mathematical Monthly",
  YEAR =         "1962",
  volume =       "62",
  number =       "1",
  pages =        "9-15",
  month =        {Jan},
  }
@MISC{wiki,
  author =       "",
  title =        "",
  howpublished = "Unmanned aerial vehicle",
  year =         "",
  url= "http://en.wikipedia.org/wiki/Unmanned_aerial_vehicle."
}
@MISC{copter,
  author =       "",
  title =        "",
  howpublished = "CamCopter SL",
  year =         "",
  url= "http://www.airstarintl.com/index.php/airstar/camcopter.html."
}
%%%%%%%%%%%%%%%%%%%%%%%%%%%%%%%%%%%%%%%%%%%%%%%%%%%%%%

@ARTICLE{RmScTWC06,
  author =       {R. Madan and S. Cui and S. G. Lall and A. J. Goldsmith},
  title =        {Cross-Layer Design for Lifetime Maximization in Interference-Limited Wireless Sensor Networks},
  JOURNAL =      "IEEE Transactions on Wireless Communications",
  YEAR =         "2006",
  volume =       "5",
  number =       "11",
  pages =        "3142-3142",
  month =        {November},
  }


@CONFERENCE{GuMpWlVTC13,
  author =       {Y. Gu and M. Pan and W. Wayne Li},
  title =        {Prolonging the Lifetime of Large Scale Wireless Sensor Networks via Base Station Placement},
  booktitle =    {Proc. of IEEE Vehicular Technology Conference, VTC 2013},
  year =         {2013},
  address =      {Las Vegas, NV},
  month =        {September},
  }




@ARTICLE{WhDisser00,
  author =       {W. Heinzelman and A. P. Chandrakasan and H. R. Balakrishnan},
  title =        {Application-Specific Protocol Architectures for Wireless Networks},
  JOURNAL =      "IEEE Transactions on Wireless Communications",
  YEAR =         "2002",
  volume =       "1",
  number =       "4",
  pages =        "660-670",
  month =        {October},
  }






@ARTICLE{OBSS06,
  AUTHOR =       "Y. T. Hou and Y. Shi and H. D. Sherali",
  TITLE =        "Optimal Base Station Selection For Anycast Routing in Wireless Sensor Networks",
  JOURNAL =      "IEEE Transactions on Vehicular Technology",
  YEAR =         "2006",
  volume =       "55",
  number =       "3",
  pages =        "813-821",
  month =        {May},
  }

@ARTICLE{OBSP09,
  AUTHOR =       "Y. Shi and Y. T. Hou",
  TITLE =        "Optimal Base Station Placement in Wireless Sensor Networks",
  JOURNAL =      "ACM Transactions on Sensor Networks",
  YEAR =         "2009",
  volume =       "5",
  number =       "4",
%  pages =        "813-821",
  month =        {November},
  }

@Book{wico96,
 author = {T. S. Rappaport},
 title = "Wireless communications: principles and practice",
 publisher = {Prentice Hall PTR},
 year = {1996},
}

@ARTICLE{WSNsurv02,
  AUTHOR =       "I.F. Akyildiz and W. Su and Y. Sankarasubramaniam and E. Cayirci ",
  TITLE =        "Wireless Sensor Networks: a Survey",
  JOURNAL =      "Computer Networks",
  YEAR =         "2002",
  volume =       "38",
  number =       "4",
  pages =        "393-422",
  month =        {March},
  }

@MISC{Cplex,
  author =       "",
  title =        "",
  howpublished = "IBM ILOG CPLEX Optimizer",
  year =         "",
  url= "http://www-01.ibm.com/software/integration/optimization/cplex-optimizer/."
}

@MISC{BARON,
  author =       "",
  title =        "",
  howpublished = "Global Optimization Software",
  year =         "",
  url= "http://archimedes.scs.uiuc.edu/baron.html"
}

@Book{LP06,
 author = {Y. Pochet and L. A. Wolsey},
 title = "Production Planning by Mixed Integer Programming",
 publisher = {Springer},
 year = {2006},
}

@Book{LP90,
 author = {M. S. Bazaraa and J. J. Jarvis and H. D. Sherali,},
 title = "Linear Programming and Network Flows",
 publisher = {John Wiley and Sons},
 year = {1990},
}

@Book{HB02,
 author = {D. Linden and T. B. Reddy},
 title = "Handbook of Batteries, 3rd ed.",
 publisher = {McGraw-Hill},
 year = {2002},
}

@ARTICLE{ELTAS09,
  AUTHOR =       "G. Anastasi and M. Conti and M. Di Francesco",
  TITLE =        "Extending the Lifetime of Wireless Sensor Networks Through Adaptive Sleep",
  JOURNAL =      "IEEE Transactions on Industrial Informatics",
  YEAR =         "2009",
  volume =       "5",
  issue =       "3",
  pages =        "351-365",
  month =        {Aug},
  }

@CONFERENCE{TAG02,
  AUTHOR =       "S. Madden and M. J. Franklin and J. M. Hellerstein and W. Hong",
  TITLE =        "TAG: a Tiny AGgregation service for ad-hoc sensor networks",
  booktitle =      "Operating Systems Design and Implementation",
  YEAR =         "2002",
  address =      {Boston, MA},
  month =        {December},
  }

@CONFERENCE{STEM02,
  author =       {C. Schurgers and V. Tsiatsis and M. B. Srivastava},
  title =        {STEM: Topology management for energy efficient sensor networks},
  booktitle =    {Proc. of IEEE Aerospace Conference 2002},
  year =         {2002},
  address =      {Los Angeles, CA},
  month =        {March},
  }


@CONFERENCE{WSABED04,
  AUTHOR =       "Y. Xue and N. H. Vaidya",
  title =        "A wakeup scheme for sensor networks: achieving balance between energy saving and end-to-end delay",
  booktitle =      "Proc.IEEE Real-Time and Embedded Technology and Applications Symposium, RTAS 2004",
  YEAR =         "2004",
  pages =        "19-26",
  address =      {Toronto, Canada},
  month =        {May},
  }


@CONFERENCE{AWFADN03,
  AUTHOR =       "R. Zheng and J. C. Hou and L. Sha",
  TITLE =        "Asynchronous Wakeup for Ad Hoc Networks",
  booktitle =    "Proc. ACM International Symposium on Mobile Ad Hoc Networking and Computing, MobiHoc 2003 ",
  YEAR =         "2003",
  pages =        "35-45",
  address =      {Annapolis, MD},
  month =        {June},
  }

@ARTICLE{ALPL07,
  AUTHOR =       "R. Jurdak and P. F.Dublin Baldi and C. V. Lopes",
  TITLE =        "Adaptive Low Power Listening for Wireless Sensor Networks",
  JOURNAL =      "IEEE Transactions on Mobile Computing",
  YEAR =         "2007",
  volume =       "6",
  issue =       "8",
  pages =        "988-1004",
  month =        {August},
  }

@CONFERENCE{MLRWADN04,
  AUTHOR =       "A. Sankar and Z. Liu",
  TITLE =        "Maximum lifetime routing in wireless ad-hoc networks",
  booktitle =    "Annual Joint Conference of the IEEE Computer and Communications Societies, INFOCOM 2004",
  YEAR =         "2004",
  volume =       "2",
  pages =        "1089-1097",
  month =        {March},
  }

@CONFERENCE{PARMADN98,
  AUTHOR =       "S. Singh and M. Woo and C.S. Raghavendra",
  TITLE =        "Power-aware routing in mobile ad hoc networks",
  booktitle =    "Proc. ACM/IEEE Int. Conf. on Mobile computing and networking, MobiCom 1998",
  YEAR =         "1998",
  pages =        "181-190",
  address =      {Dallas, TX},
  month =        {October},
  }

@CONFERENCE{DTC01,
  AUTHOR =       "W. R. P and L. Li and P. V. Bahl and Y. M. Wang ",
  TITLE =        "Distributed topology control for power efficient operation in multihop wireless ad hoc networks",
  booktitle =    "Proc. of Annual Joint Conference of the IEEE Computer and Communications Societies, INFOCOM 2001",
  YEAR =         "2001",
  pages =        "1388-1397",
  address =      {Anchorage, AK},
  month =        {April},
  }

@CONFERENCE{EEMAC02,
  AUTHOR =       "W. Ye and J. Heidemann and E. Deborah",
  TITLE =        "An energy-efficient MAC protocol for wireless sensor networks",
  booktitle =      "Annual Joint Conference of the IEEE Computer and Communications Societies, INFOCOM 2002",
  YEAR =         "2002",
  pages =        "1567-1576",
  address =      {New York, NY},
  month =        {June},
  }

@Book{NP90,
 author = {Michael R. Garey and David S. Johnson},
 title = "Computers and Intractability: A Guide to the Theory of NP-Completeness",
 publisher = {W. H. Freeman},
 year = {1979},
}

@CONFERENCE{MpPlYsYf12,
  author =       {M. Pan and P. Li and Y. Song and Y. Fang and P. Lin},
  title =        {Spectrum Clouds: A Session Based Spectrum Trading System for Multi-hop Cognitive Radio Networks},
  booktitle =    {Proc. of IEEE Conference on Computer Communications, INFOCOM 2012},
  year =         {2012},
  address =      {Orlando, FL},
  month =        {March},
}

@Book{TsRa96,
  author = {T. S. Rappaport},
  title = "Wireless Communications",
  publisher = {Prentice Hall, Inc.},
  year = {1996}.
}

@ARTICLE{WhYyMmHjWx08,
  AUTHOR =       "H. Wang and Y. Yang and M. Ma and J. He and X. Wang",
  TITLE =        "Network Lifetime Maximization with Cross-layer Design in Wireless Sensor Networks",
  JOURNAL =      "IEEE Transactions on Wireless Communications",
  YEAR =         "2008",
  volume =       "7",
  issue =        "10",
  pages =        "3759-3768",
  month =        {October},
  }

@CONFERENCE{RsFf06,
  AUTHOR =       "R. Subramanian and F. Fekri",
  TITLE =        "Sleep scheduling and lifetime maximization in sensor networks: fundamental limits and optimal solutions",
  booktitle =      "The Fifth International Conference on Information Processing in Sensor Networks, IPSN 2006 ",
  YEAR =         "2006",
  pages =        "218-225",
  address =      {Nashville, TN},
  month =        {April},
  }

@ARTICLE{ChTyTNet08,
  author =       {C. Hua and T. P. Yum},
  title =        {Optimal Routing and Data Aggregation for Maximizing Lifetime of Wireless Sensor Networks},
  JOURNAL =      "IEEE/ACM Transactions on Networking",
  YEAR =         "2008",
  volume =       "16",
  number =       "4",
  pages =        "892-903",
  month =        {August},
  }


@CONFERENCE{GuMpWlVTC13,
  author =       {Y. Gu and M. Pan and W. Wayne Li},
  title =        {Prolonging the Lifetime of Large Scale Wireless Sensor Networks via Base Station Placement},
  booktitle =    {Proc. of IEEE Vehicular Technology Conference, VTC 2013},
  year =         {2013},
  address =      {Las Vegas, NV},
  month =        {September},
  }

@ARTICLE{HytYsNTC08,
  author =       {Hou, Y.T. and Yi Shi and Sherali, H.D.},
  title =        {Rate Allocation and Network Lifetime Problems for Wireless Sensor Networks},
  JOURNAL =      "Networking, IEEE/ACM Transactions on",
  YEAR =         "2008",
  volume =       "16",
  number =       "2",
  pages =        "321-334",
  month =        {April},
  }

@ARTICLE{XySyNT12,
  author =       {Xie, L. and Shi, Y.  and Hou, Y.},
  title =        {Making Sensor Networks Immortal: An Energy-Renewal Approach With Wireless Power Transfer},
  JOURNAL =      "Networking, IEEE/ACM Transactions on",
  YEAR =         "2012",
  volume =       "20",
  number =       "6",
  pages =        "1748-1761",
  month =        {December},
  }

@ARTICLE{AkAkSE07,
  author =       {Andr Kurs and Aristeidis Karalis and Robert Moffatt},
  title =        {Wireless Power Transfer via Strongly Coupled Magnetic Resonances},
  JOURNAL =      "Science",
  YEAR =         "2007",
  volume =       "317",
  number =       "5843",
  pages =        "83-86",
  month =        {June},

@ARTICLE{RmScTWC06,
  author =       {R. Madan and S. Cui and S. G. Lall and A. J. Goldsmith},
  title =        {Cross-Layer Design for Lifetime Maximization in Interference-Limited Wireless Sensor Networks},
  JOURNAL =      "IEEE Transactions on Wireless Communications",
  YEAR =         "2006",
  volume =       "5",
  number =       "11",
  pages =        "3142-3142",
  month =        {November},
  }


@ARTICLE{WhDisser00,
  author =       {W. Heinzelman and A. P. Chandrakasan and H. R. Balakrishnan},
  title =        {Application-Specific Protocol Architectures for Wireless Networks},
  JOURNAL =      "IEEE Transactions on Wireless Communications",
  YEAR =         "2002",
  volume =       "1",
  number =       "4",
  pages =        "660-670",
  month =        {October},
  }

@ARTICLE{jTbHCC06,
  author =       {T. Jian and H. Bin and S. Arunabha},
  title =        {Relay node placement in large scale wireless sensor networks},
  JOURNAL =      "Computer Communications",
  YEAR =         "2006",
  volume =       "29",
  number =       "4",
  pages =        "490-501",
  month =        {February},
  }

@ARTICLE{EPRNP05,
  author =       {Y. T. Hou and Y. Shi and H. D. Sherali and S. F. Midkiff},
  title =        {On Energy Provisioning and Relay Node Placement for Wireless Sensor Networks},
  JOURNAL =      "IEEE Transactions on Wireless Communications",
  YEAR =         "2005",
  volume =       "4",
  number =       "5",
  pages =        "2579-2590",
  month =        {September},
  }

@CONFERENCE{RenewSN12,
  author =       {Y. Shi and L. Xie and Y. T. Hou and W. Lou and H. D. Sherali},
  title =        {On Renewable Sensor Networks with Wireless Energy Transfer: The Multi-Node Case},
  booktitle =    {Proc. of IEEE International Conference on Computer Communications, INFOCOM 2011},
  year =         {2011},
  address =      {Shanghai, China},
  month =        {April},
  }

@ARTICLE{OBSS06,
  AUTHOR =       "Y. T. Hou and Y. Shi and H. D. Sherali",
  TITLE =        "Optimal Base Station Selection For Anycast Routing in Wireless Sensor Networks",
  JOURNAL =      "IEEE Transactions on Vehicular Technology",
  YEAR =         "2006",
  volume =       "55",
  number =       "3",
  pages =        "813-821",
  month =        {May},
  }

@ARTICLE{OBSP09,
  AUTHOR =       "Y. Shi and Y. T. Hou",
  TITLE =        "Optimal Base Station Placement in Wireless Sensor Networks",
  JOURNAL =      "ACM Transactions on Sensor Networks",
  YEAR =         "2009",
  volume =       "5",
  number =       "4",
%  pages =        "813-821",
  month =        {November},
  }

@Book{wico96,
 author = {T. S. Rappaport},
 title = "Wireless communications: principles and practice",
 publisher = {Prentice Hall PTR},
 year = {1996},
}

@ARTICLE{WSNsurv02,
  AUTHOR =       "I.F. Akyildiz and W. Su and Y. Sankarasubramaniam and E. Cayirci ",
  TITLE =        "Wireless Sensor Networks: a Survey",
  JOURNAL =      "Computer Networks",
  YEAR =         "2002",
  volume =       "38",
  number =       "4",
  pages =        "393-422",
  month =        {March},
  }

@MISC{Cplex,
  author =       "",
  title =        "",
  howpublished = "IBM ILOG CPLEX Optimizer",
  year =         "",
  url= "http://www-01.ibm.com/software/integration/optimization/cplex-optimizer/."
}

@MISC{BARON,
  author =       "",
  title =        "",
  howpublished = "Global Optimization Software",
  year =         "",
  url= "http://archimedes.scs.uiuc.edu/baron.html"
}

@Book{LP06,
 author = {Y. Pochet and L. A. Wolsey},
 title = "Production Planning by Mixed Integer Programming",
 publisher = {Springer},
 year = {2006},
}

@Book{LP90,
 author = {M. S. Bazaraa and J. J. Jarvis and H. D. Sherali,},
 title = "Linear Programming and Network Flows",
 publisher = {John Wiley and Sons},
 year = {1990},
}

@Book{HB02,
 author = {D. Linden and T. B. Reddy},
 title = "Handbook of Batteries, 3rd ed.",
 publisher = {McGraw-Hill},
 year = {2002},
}

@ARTICLE{ELTAS09,
  AUTHOR =       "G. Anastasi and M. Conti and M. Di Francesco",
  TITLE =        "Extending the Lifetime of Wireless Sensor Networks Through Adaptive Sleep",
  JOURNAL =      "IEEE Transactions on Industrial Informatics",
  YEAR =         "2009",
  volume =       "5",
  issue =       "3",
  pages =        "351-365",
  month =        {Aug},
  }

@CONFERENCE{TAG02,
  AUTHOR =       "S. Madden and M. J. Franklin and J. M. Hellerstein and W. Hong",
  TITLE =        "TAG: a Tiny AGgregation service for ad-hoc sensor networks",
  booktitle =      "Operating Systems Design and Implementation",
  YEAR =         "2002",
  address =      {Boston, MA},
  month =        {December},
  }

@CONFERENCE{STEM02,
  author =       {C. Schurgers and V. Tsiatsis and M. B. Srivastava},
  title =        {STEM: Topology management for energy efficient sensor networks},
  booktitle =    {Proc. of IEEE Aerospace Conference 2002},
  year =         {2002},
  address =      {Los Angeles, CA},
  month =        {March},
  }


@CONFERENCE{WSABED04,
  AUTHOR =       "Y. Xue and N. H. Vaidya",
  title =        "A wakeup scheme for sensor networks: achieving balance between energy saving and end-to-end delay",
  booktitle =      "Proc.IEEE Real-Time and Embedded Technology and Applications Symposium, RTAS 2004",
  YEAR =         "2004",
  pages =        "19-26",
  address =      {Toronto, Canada},
  month =        {May},
  }


@CONFERENCE{AWFADN03,
  AUTHOR =       "R. Zheng and J. C. Hou and L. Sha",
  TITLE =        "Asynchronous Wakeup for Ad Hoc Networks",
  booktitle =    "Proc. ACM International Symposium on Mobile Ad Hoc Networking and Computing, MobiHoc 2003 ",
  YEAR =         "2003",
  pages =        "35-45",
  address =      {Annapolis, MD},
  month =        {June},
  }

@ARTICLE{ALPL07,
  AUTHOR =       "R. Jurdak and P. F.Dublin Baldi and C. V. Lopes",
  TITLE =        "Adaptive Low Power Listening for Wireless Sensor Networks",
  JOURNAL =      "IEEE Transactions on Mobile Computing",
  YEAR =         "2007",
  volume =       "6",
  issue =       "8",
  pages =        "988-1004",
  month =        {August},
  }

@CONFERENCE{MLRWADN04,
  AUTHOR =       "A. Sankar and Z. Liu",
  TITLE =        "Maximum lifetime routing in wireless ad-hoc networks",
  booktitle =    "Annual Joint Conference of the IEEE Computer and Communications Societies, INFOCOM 2004",
  YEAR =         "2004",
  volume =       "2",
  pages =        "1089-1097",
  month =        {March},
  }

@CONFERENCE{PARMADN98,
  AUTHOR =       "S. Singh and M. Woo and C.S. Raghavendra",
  TITLE =        "Power-aware routing in mobile ad hoc networks",
  booktitle =    "Proc. ACM/IEEE Int. Conf. on Mobile computing and networking, MobiCom 1998",
  YEAR =         "1998",
  pages =        "181-190",
  address =      {Dallas, TX},
  month =        {October},
  }

@CONFERENCE{DTC01,
  AUTHOR =       "W. R. P and L. Li and P. V. Bahl and Y. M. Wang ",
  TITLE =        "Distributed topology control for power efficient operation in multihop wireless ad hoc networks",
  booktitle =    "Proc. of Annual Joint Conference of the IEEE Computer and Communications Societies, INFOCOM 2001",
  YEAR =         "2001",
  pages =        "1388-1397",
  address =      {Anchorage, AK},
  month =        {April},
  }

@CONFERENCE{EEMAC02,
  AUTHOR =       "W. Ye and J. Heidemann and E. Deborah",
  TITLE =        "An energy-efficient MAC protocol for wireless sensor networks",
  booktitle =      "Annual Joint Conference of the IEEE Computer and Communications Societies, INFOCOM 2002",
  YEAR =         "2002",
  pages =        "1567-1576",
  address =      {New York, NY},
  month =        {June},
  }

@Book{NP90,
 author = {Michael R. Garey and David S. Johnson},
 title = "Computers and Intractability: A Guide to the Theory of NP-Completeness",
 publisher = {W. H. Freeman},
 year = {1979},
}

@CONFERENCE{MpPlYsYf12,
  author =       {M. Pan and P. Li and Y. Song and Y. Fang and P. Lin},
  title =        {Spectrum Clouds: A Session Based Spectrum Trading System for Multi-hop Cognitive Radio Networks},
  booktitle =    {Proc. of IEEE Conference on Computer Communications, INFOCOM 2012},
  year =         {2012},
  address =      {Orlando, FL},
  month =        {March},
}

@Book{TsRa96,
  author = {T. S. Rappaport},
  title = "Wireless Communications",
  publisher = {Prentice Hall, Inc.},
  year = {1996}.
}

@ARTICLE{WhYyMmHjWx08,
  AUTHOR =       "H. Wang and Y. Yang and M. Ma and J. He and X. Wang",
  TITLE =        "Network Lifetime Maximization with Cross-layer Design in Wireless Sensor Networks",
  JOURNAL =      "IEEE Transactions on Wireless Communications",
  YEAR =         "2008",
  volume =       "7",
  issue =        "10",
  pages =        "3759-3768",
  month =        {October},
  }

@CONFERENCE{RsFf06,
  AUTHOR =       "R. Subramanian and F. Fekri",
  TITLE =        "Sleep scheduling and lifetime maximization in sensor networks: fundamental limits and optimal solutions",
  booktitle =      "The Fifth International Conference on Information Processing in Sensor Networks, IPSN 2006 ",
  YEAR =         "2006",
  pages =        "218-225",
  address =      {Nashville, TN},
  month =        {April},
  }

@ARTICLE{RmScTWC06,
  author =       {C. Hua and T. P. Yum},
  title =        {Optimal Routing and Data Aggregation for Maximizing Lifetime of Wireless Sensor Networks},
  JOURNAL =      "IEEE/ACM Transactions on Networking",
  YEAR =         "2008",
  volume =       "16",
  number =       "4",
  pages =        "892-903",
  month =        {August},
  }
