%% This BibTeX bibliography file was created using BibDesk.
%% http://bibdesk.sourceforge.net/


%% Created for ab55 at 2016-02-26 12:21:03 -0600 


%% Saved with string encoding Unicode (UTF-8)
@article{wu2007efficient,
  title={On efficient deployment of sensors on planar grid},
  author={Wu, Qishi and Rao, Nageswara SV and Du, Xiaojiang and Iyengar, S Sitharama and Vaishnavi, Vijay K},
  journal={Computer Communications},
  volume={30},
  number={14},
  pages={2721--2734},
  year={2007},
  publisher={Elsevier}
}
@article{werner2006deploying,
  title={Deploying a wireless sensor network on an active volcano},
  author={Werner-Allen, Geoffrey and Lorincz, Konrad and Ruiz, Mario and Marcillo, Omar and Johnson, Jeff and Lees, Jonathan and Welsh, Matt},
  journal={IEEE internet computing},
  volume={10},
  number={2},
  pages={18--25},
  year={2006},
  publisher={IEEE}
}

@article{howard2006experiments,
  title={Experiments with a large heterogeneous mobile robot team: Exploration, mapping, deployment and detection},
  author={Howard, Andrew and Parker, Lynne E and Sukhatme, Gaurav S},
  journal={The International Journal of Robotics Research},
  volume={25},
  number={5-6},
  pages={431--447},
  year={2006}
  }

@incollection{howard2002mobile,
  title={Mobile sensor network deployment using potential fields: A distributed, scalable solution to the area coverage problem},
  author={Howard, Andrew and Matari{\'c}, Maja J and Sukhatme, Gaurav S},
  booktitle={Distributed Autonomous Robotic Systems 5},
  pages={299--308},
  year={2002},
  publisher={Springer}
}

@inproceedings{corke2004autonomous,
  title={Autonomous deployment and repair of a sensor network using an unmanned aerial vehicle},
  author={Corke, Peter and Hrabar, Stefan and Peterson, Ronald and Rus, Daniela and Saripalli, Srikanth and Sukhatme, Gaurav},
  booktitle={Robotics and Automation, 2004. Proceedings. ICRA'04. 2004 IEEE International Conference on},
  volume={4},
  pages={3602--3608},
  year={2004},
  organization={IEEE}
}

@article{tuna2014autonomous,
  title={An autonomous wireless sensor network deployment system using mobile robots for human existence detection in case of disasters},
  author={Tuna, Gurkan and Gungor, V Cagri and Gulez, Kayhan},
  journal={Ad Hoc Networks},
  volume={13},
  pages={54--68},
  year={2014},
  publisher={Elsevier}
}

@inproceedings{mainwaring2002wireless,
  title={Wireless sensor networks for habitat monitoring},
  author={Mainwaring, Alan and Culler, David and Polastre, Joseph and Szewczyk, Robert and Anderson, John},
  booktitle={Proceedings of the 1st ACM international workshop on Wireless sensor networks and applications},
  pages={88--97},
  year={2002},
  organization={ACM}
}
@inproceedings{dyo2010evolution,
  title={Evolution and sustainability of a wildlife monitoring sensor network},
  author={Dyo, Vladimir and Ellwood, Stephen A and Macdonald, David W and Markham, Andrew and Mascolo, Cecilia and P{\'a}sztor, Bence and Scellato, Salvatore and Trigoni, Niki and Wohlers, Ricklef and Yousef, Kharsim},
  booktitle={Proceedings of the 8th ACM Conference on Embedded Networked Sensor Systems},
  pages={127--140},
  year={2010},
  organization={ACM}
}
@article{miyazaki2013aerodynamic,
  title={Aerodynamic properties of an archery arrow},
  author={Miyazaki, Takeshi and Mukaiyama, Keita and Komori, Yuta and Okawa, Kyouhei and Taguchi, Satoshi and Sugiura, Hiroki},
  journal={Sports Engineering},
  volume={16},
  number={1},
  pages={43--54},
  year={2013},
  publisher={Springer}
}

@inproceedings{sudarshan2015using,
  title={Seismic Surveying with Drone-Mounted Geophones},
  author={Srikanth K. V. Sudarshan and Li Huang and Chang Li and Robert   Stewart and Aaron T. Becker},
  booktitle={CASE, 12th Conference on Automation Science and Engineering},
  pages={1--6},
  year={2016},
  organization={IEEE}
} 
@inproceedings{dominici2012micro,
  title={Micro {UAV} for post seismic hazards surveying in old city center of {L'Aquila}},
  author={Dominici, Donatella And Baiocchi, Valerio And Zavino, Alessandro And Alicandro, Maria And Elaiopoulos, Michail},
  booktitle={Proceedings of the FIG Working Week},
  pages={06--10},
  year={2012}
}

@misc{wilcox2013seismic,
  title={Seismic data recording},
  author={Wilcox, Steven William and Whelan, John Christopher and Alexander, Jonathan},
  year={2013},
  month=sep # "~5",
  publisher={Google Patents},
  note={US Patent App. 14/018,853}
}
@misc{muyzert2015marine,
  title={Marine seismic survey systems and methods using autonomously or remotely operated vehicles},
  author={Muyzert, Everhard and Welker, Kenneth and Cooper, Iain and Bittleston, Simon and Combee, Leendert and Ross, Robert and Kotochigov, Edward},
  year={2015},
  month=apr # "~21",
  publisher={Google Patents},
  note={{US} Patent 9,013,952}
}
@misc{jones2016seismic,
  title={Seismic survey using an augmented reality device},
  author={Jones, Robert Hughes and Coste, Emmanuel and Tamboise, Guillaume Daniel and Rosu, Dorin},
  year={2016},
  month=apr # "~27",
  publisher={Google Patents},
  note={{US} Patent App. 15/139,433}
}
@misc{postel2014drone,
  title={Drone seismic sensing method and apparatus},
  author={Postel, Jean-Jacques and Bianchi, Thomas and Grimsdale, Jonathan},
  year={2014},
  month=mar # "~20",
  publisher={Google Patents},
  note={{US} Patent App. 14/220,996}
}
@misc{Srikanth2016seismicScheduler,
	Author = {Srikanth K. V. Sudarshan and Aaron T. Becker},
	Month = sep,
	Title = {{``Seismic Survey Scheduler.'' MATLAB Central File Exchange}},
	Url = {http://www.mathworks.com/matlabcentral/fileexchange/59034},
	Year = {2016}}

@conference{LSisMSE81,
	Author = {{Goins, Neal Rodney, A. M. Dainty, and M. N. Toksöz}},
	Booktitle = {{Journal of Geophysical Research: Solid Earth 86.B6}},
	Pages = {{5061-5074}},
	Title = {{Lunar seismology: The internal structure of the Moon.}},
	Year = {{1981}}}

@conference{MVEwaWSN05,
	Author = {{Werner-Allen et. al}},
	Booktitle = {{In Wireless Sensor Networks, Proceeedings of the Second European Workshop on,IEEE}},
	Month = {{January}},
	Pages = {{108-120}},
	Title = {{Monitoring volcanic eruptions with a wireless sensor network}},
	Year = {{2005}}}

@article{CtMiSD08,
	Author = {A.J. GUUS BERKHOUT},
	Journal = {The Leading Edge, Society of Exploration Geophysists},
	Month = {July},
	Number = {11},
	Pages = {924-938},
	Title = {Changing the mindset in seismic data acquisition},
	Volume = {27},
	Year = {2008}}
	
@techreport{MAPL2006,
	Author = {{Mars Advanced Planning Group 2006}},
	Month = {March},
	institution = {National Aeronautics and Space Administration},
	Url = {http://mepag.jpl.nasa.gov/reports/3715_Mars_Expl_Strat_GPO.pdf},
	Title = {Robotic Mars Exploration Strategy 2007–2016},
	Year = {2006}}

@misc{DSSMaA14,
	Author = {{Jean-Jacques Postel, Thomas Bianchi, Jonathan Grimsdale}},
	Date-Modified = {2016-02-26 18:19:32 +0000},
	Title = {Patent US20140307525: Drone seismic sensing method and apparatus},
	Url = {https://www.google.com/patents/US20140307525},
  Month = {October},
	Year = {2014},
	Bdsk-Url-1 = {https://www.google.com/patents/US20140307525}}

@misc{SDV16,
	Author = {{Srikanth K. V. Sudarshan, Li Huang, Li Chang, Robert Stuart, Aaron T. Becker}},
	Title = {Seismic Drone Video},
	Url = {https://youtu.be/yxdUEX0SPyw},
	Year = {March 2016}}	
	

    @misc{Victor2016Thingiverse,
  Author = {Victor B. Montano and Aaron T. Becker},
  Month = sep,
  Title = {{SeismicDart}},
  url = {http://www.thingiverse.com/thing:1713499},
  Year = {2016}}

@misc{IEA16,
	Author = {{International Energy Agency}},
	Title = {{IEA Energy Atlas}},
	Url = {http://energyatlas.iea.org},
	Bdsk-Url-1 = {http://energyatlas.iea.org}}

@book{shearer2009introduction,
  title={Introduction to seismology},
  author={Shearer, Peter M},
  year={2009},
  publisher={Cambridge University Press}}
  
@misc{wood1998distributed,
  title={Distributed seismic data-gathering system},
  author={Wood, George William and Workman, Ricky Lynn and Norris, Michael W},
  year={1998},
  month=mar # "~3",
  publisher={Google Patents},
  note={{US} Patent 5,724,241}
}

@misc{jiang2015geophysical,
  title={Geophysical data acquisition system},
  author={Jiang, John and Aziz, Azizuddin Abdul and Liu, Ying and Strack, Kurt-M},
  year={2015},
  month=jun # "~16",
  publisher={Google Patents},
  note={{US} Patent 9,057,801}
}